@article{gomes2017verifying,
  title={Verifying strong eventual consistency in distributed systems},
  author={Gomes, Victor BF and Kleppmann, Martin and Mulligan, Dominic P and Beresford, Alastair R},
  journal={Proceedings of the ACM on Programming Languages},
  volume={1},
  number={OOPSLA},
  pages={1--28},
  year={2017},
  publisher={ACM New York, NY, USA}
}
@techreport{kleppmann2022assessing,
  title={Assessing the understandability of a distributed algorithm by tweeting buggy pseudocode},
  author={Kleppmann, Martin},
  year={2022},
  institution={University of Cambridge, Computer Laboratory}
}
@techreport{shapiro2011comprehensive,
  title={A comprehensive study of convergent and commutative replicated data types},
  author={Shapiro, Marc and Pregui{\c{c}}a, Nuno and Baquero, Carlos and Zawirski, Marek},
  year={2011},
  institution={Inria--Centre Paris-Rocquencourt; INRIA}
}
@article{baquero2017pure,
  title={Pure operation-based replicated data types},
  author={Baquero, Carlos and Almeida, Paulo S{\'e}rgio and Shoker, Ali},
  journal={arXiv preprint arXiv:1710.04469},
  year={2017}
}
@manual{automerge,
  author = {{The Automerge Contributors}},
  title  = {Automerge CRDT Library},
  year   = {2024},
  note   = {\url{https://github.com/automerge}}
}
@inproceedings{kleppmann2019local,
  title     = {Local-first software: you own your data, in spite of the cloud},
  author    = {Kleppmann, Martin and Wiggins, Adam and Van Hardenberg, Peter and McGranaghan, Mark},
  booktitle = {Proceedings of the 2019 ACM SIGPLAN International Symposium on New Ideas, New Paradigms, and Reflections on Programming and Software},
  pages     = {154--178},
  year      = {2019}
}
@article{preguicca2018conflict,
  title   = {Conflict-free replicated data types: An overview},
  author  = {Pregui{\c{c}}a, Nuno},
  journal = {arXiv preprint arXiv:1806.10254},
  year    = {2018}
}
@inproceedings{stewen2024undo,
  title={Undo and Redo Support for Replicated Registers},
  author={Stewen, Leo and Kleppmann, Martin},
  booktitle={Proceedings of the 11th Workshop on Principles and Practice of Consistency for Distributed Data},
  pages={1--7},
  year={2024}
}
@article{budiu2022dbsp,
  title={DBSP: Automatic incremental view maintenance for rich query languages},
  author={Budiu, Mihai and McSherry, Frank and Ryzhyk, Leonid and Tannen, Val},
  journal={arXiv preprint arXiv:2203.16684},
  year={2022}
}
@article{budiu2024dbsp,
  title={DBSP: Incremental Computation on Streams and Its Applications to Databases},
  author={Budiu, Mihai and Chajed, Tej and McSherry, Frank and Ryzhyk, Leonid and Tannen, Val},
  journal={ACM SIGMOD Record},
  volume={53},
  number={1},
  pages={87--95},
  year={2024},
  publisher={ACM New York, NY, USA}
}
@inproceedings{mcsherry2013differential,
  title={Differential dataflow.},
  author={McSherry, Frank and Murray, Derek Gordon and Isaacs, Rebecca and Isard, Michael},
  booktitle={CIDR},
  year={2013}
}
@article{abo2024convergence,
  title={Convergence of datalog over (pre-) semirings},
  author={Abo Khamis, Mahmoud and Ngo, Hung Q and Pichler, Reinhard and Suciu, Dan and Wang, Yisu Remy},
  journal={Journal of the ACM},
  volume={71},
  number={2},
  pages={1--55},
  year={2024},
  publisher={ACM New York, NY}
}
@article{green2013datalog,
  title={Datalog and recursive query processing},
  author={Green, Todd J and Huang, Shan Shan and Loo, Boon Thau and Zhou, Wenchao},
  journal={Foundations and Trends{\textregistered} in Databases},
  volume={5},
  number={2},
  pages={105--195},
  year={2013},
  publisher={Now Publishers, Inc.}
}
@misc{kleppmann2018data,
  title={Data structures as queries: Expressing CRDTs using Datalog},
  author={Kleppmann, Martin},
  year={2018}
}
@article{laddad2022keep,
  title={Keep CALM and CRDT on},
  author={Laddad, Shadaj and Power, Conor and Milano, Mae and Cheung, Alvin and Crooks, Natacha and Hellerstein, Joseph M},
  journal={arXiv preprint arXiv:2210.12605},
  year={2022}
}
@inproceedings{neumann2024critique,
  title={A Critique of Modern SQL and a Proposal Towards a Simple and Expressive Query Language.},
  author={Neumann, Thomas and Leis, Viktor},
  booktitle={CIDR},
  year={2024}
}
@inproceedings{hirn2023fix,
  title={A Fix for the Fixation on Fixpoints.},
  author={Hirn, Denis and Grust, Torsten},
  booktitle={CIDR},
  year={2023}
}
@online{mcsherry2022recursion,
  author = {Frank McSherry},
  title = {Recursion in Materialize},
  year = 2022,
  url = {https://web.archive.org/web/20241126143413/https://github.com/frankmcsherry/blog/blob/master/posts/2022-12-25.md},
  urldate = {2024-11-26}
}
@article{khamis2022datalog,
  title={Datalog in wonderland},
  author={Khamis, Mahmoud Abo and Ngo, Hung Q and Pichler, Reinhard and Suciu, Dan and Remy Wang, Yisu},
  journal={ACM SIGMOD Record},
  volume={51},
  number={2},
  pages={6--17},
  year={2022},
  publisher={ACM New York, NY, USA}
}
@article{sanjuan2020merkle,
  title={Merkle-crdts: Merkle-dags meet crdts},
  author={Sanjuan, Hector and Poyhtari, Samuli and Teixeira, Pedro and Psaras, Ioannis},
  journal={arXiv preprint arXiv:2004.00107},
  year={2020}
}
@inproceedings{auvolat2019merkle,
  title={Merkle search trees: Efficient state-based CRDTs in open networks},
  author={Auvolat, Alex and Ta{\"\i}ani, Fran{\c{c}}ois},
  booktitle={2019 38th Symposium on Reliable Distributed Systems (SRDS)},
  pages={221--22109},
  year={2019},
  organization={IEEE}
}
@misc{schiefer2022building,
  title={Building Data-Centric Apps with a Reactive Relational Database},
  author={Schiefer, Nicholas and Litt, Geoffrey and Schickling, Johannes and Jackson, Daniel},
  year={2022}
}
@article{kleppmann2024bluesky,
  title={Bluesky and the AT protocol: Usable decentralized social media},
  author={Kleppmann, Martin and Frazee, Paul and Gold, Jake and Graber, Jay and Holmgren, Daniel and Ivy, Devin and Johnson, Jeromy and Newbold, Bryan and Volpert, Jaz},
  journal={arXiv preprint arXiv:2402.03239},
  year={2024}
}
@inproceedings{kleppmann2022making,
  title={Making crdts byzantine fault tolerant},
  author={Kleppmann, Martin},
  booktitle={Proceedings of the 9th Workshop on Principles and Practice of Consistency for Distributed Data},
  pages={8--15},
  year={2022}
}
